@misc{nasa2014srtm1sdem,
  author={{NASA LP DAAC}},
  title={SRTM 1 Arc-Second Global},
  year={2000},
  address={NASA EOSDIS Land Processes DAAC, USGS Earth Resources Observation and Science (EROS) Center, Sioux Falls, South Dakota},
  howpublished={\url{https://earthexplorer.usgs.gov/}},
  note={published September 2014, accessed May 2016}
}
@article{bishop1995drainage,
  title={Drainage rearrangement by river capture, beheading and diversion},
  author={Bishop, Paul},
  journal={Progress in physical geography},
  volume={19},
  number={4},
  pages={449--473},
  year={1995},
  publisher={Sage Publications Sage CA: Thousand Oaks, CA}
}
@article{sun2007fast,
  title={Fast and effective feature-preserving mesh denoising},
  author={Sun, Xianfang and Rosin, Paul and Martin, Ralph and Langbein, Frank},
  journal={IEEE Transactions on Visualization \& Computer Graphics},
  number={5},
  pages={925--938},
  year={2007},
  publisher={IEEE}
}
@article{lapolla2018new,
  title={A new aneuretine ant from the Paleocene Paskapoo Formation of Canada},
  author={Lapolla, John S and Barden, Phillip},
  journal={Acta Palaeontologica Polonica},
  volume={63},
  number={3},
  pages={435--440},
  year={2018},
  publisher={-}
}
@article{fernandez2004lista,
  title={Lista sinon{\'\i}mica de las hormigas neotropicales (Hymenoptera: Formicidae)},
  author={Fern{\'a}ndez, Fernando and Sendoya, Sebasti{\'a}n},
  journal={Biota Colombiana},
  volume={5},
  number={1},
  year={2004}
}

@article{mckinney2002urbanization,
  title={Urbanization, Biodiversity, and ConservationThe impacts of urbanization on native species are poorly studied, but educating a highly urbanized human population about these impacts can greatly improve species conservation in all ecosystems},
  author={McKinney, Michael L},
  journal={Bioscience},
  volume={52},
  number={10},
  pages={883--890},
  year={2002},
  publisher={Oxford University Press}
}


@article{mckinney2008effects,
  title={Effects of urbanization on species richness: a review of plants and animals},
  author={McKinney, Michael L},
  journal={Urban ecosystems},
  volume={11},
  number={2},
  pages={161--176},
  year={2008},
  publisher={Springer}
}

@article{mcintyre2000ecology,
  title={Ecology of urban arthropods: a review and a call to action},
  author={McIntyre, Nancy E},
  journal={Annals of the Entomological Society of America},
  volume={93},
  number={4},
  pages={825--835},
  year={2000},
  publisher={Oxford University Press}
}

@book{agosti2000ants,
  title={Ants: standard methods for measuring and monitoring biodiversity},
  author={Agosti, Donat and Majer, Jonathan and Alonso, Leeanne E and Schultz, Ted},
  year={2000},
  publisher={Smithsonian Institution Press}
}

@article{holway2002causes,
  title={The causes and consequences of ant invasions},
  author={Holway, David A and Lach, Lori and Suarez, Andrew V and Tsutsui, Neil D and Case, Ted J},
  journal={Annual review of ecology and systematics},
  volume={33},
  number={1},
  pages={181--233},
  year={2002},
  publisher={Annual Reviews 4139 El Camino Way, PO Box 10139, Palo Alto, CA 94303-0139, USA}
}